@article{PhysRevLett.13.508,
  volume = {13},
  journal = {Phys.~Rev.~Lett.},
  author = {Higgs, Peter W.},
  month = {Oct},
  url = {http://link.aps.org/doi/10.1103/PhysRevLett.13.508},
  doi = {10.1103/PhysRevLett.13.508},
  year = {1964},
  title = {Broken Symmetries and the Masses of Gauge Bosons},
  issue = {16},
  publisher = {American Physical Society},
  pages = {508--509}
}
@article{PhysRevLett.13.321,
  volume = {13},
  journal = {Phys.~Rev.~Lett.},
  author = {Englert, F. and Brout, R.},
  month = {Aug},
  url = {http://link.aps.org/doi/10.1103/PhysRevLett.13.321},
  doi = {10.1103/PhysRevLett.13.321},
  year = {1964},
  title = {Broken Symmetry and the Mass of Gauge Vector Mesons},
  issue = {9},
  publisher = {American Physical Society},
  pages = {321--323}
}
@article{PhysRevLett.13.585,
  volume = {13},
  journal = {Phys.~Rev.~Lett.},
  author = {Guralnik, G. S. and Hagen, C. R. and Kibble, T. W. B.},
  month = {Nov},
  url = {http://link.aps.org/doi/10.1103/PhysRevLett.13.585},
  doi = {10.1103/PhysRevLett.13.585},
  year = {1964},
  title = "Global Conservation Laws and Massless Particles",
  issue = {20},
  publisher = {American Physical Society},
  pages = {585--587}
}
@article{Feynman:1950tx,
    author = {Feynman, Richard P},
    title = {{Mathematical formulation of the quantum theory of electromagnetic interaction}},
    journal = {Physical Review},
    year = {1950},
    volume = {80},
    number = {3},
    pages = {440}
}
@article{Glashow:1961wk,
    author = {Glashow, SL},
    title = {{Partial-symmetries of weak interactions}},
    journal = {Nuclear Physics},
    year = {1961},
    volume = {22},
    number = {4},
    pages = {579--588}
}
@article{Baur:2000vi,
    author = {Baur, Ulrich and Rainwater, D},
    title = {{Probing neutral gauge boson self-interactions in ZZ production at
        hadron colliders}},
    journal = {Physical Review D},
    year = {2000},
    volume = {62},
    number = {11},
    pages = {113011}
}
@article{zralek,
      author       = "Zralek, M and Christova, P C",
      title        = "Composite Z boson in the e+e- $\rightarrow$ ZZ process",
      journal      = "Acta Phys. Pol. B",
      number       = "TPJU-89-4",
      volume       = "20",
      pages        = "739-749. 21 p",
      month        = "Jan",
      year         = "1989",
}
@article{Hagiwara:1987tv,
    author = {Hagiwara, K and Peccei, R D and Zeppenfeld, D and Hikasa, K},
    title = {{Probing the weak boson sector in ${e^+e− \rightarrow W^+ W−}$}},
    journal = {Nuclear Physics B},
    year = {1987},
    volume = {282},
    pages = {253--307}
}
@article{Campbell:2011jv,
    author = {Campbell, John M and Ellis, R Keith and Williams, Ciaran},
    title = {{Vector boson pair production at the LHC}},
    journal = {Journal of High Energy Physics},
    year = {2011},
    volume = {2011},
    number = {7},
    pages = {18},
    month = jul
}
@article{UA1:Zobs,
    title = "Experimental observation of lepton pairs of invariant mass around
        95 GeV/c2 at the CERN SPS collider ",
    journal = "Physics Letters B ",
    volume = "126",
    number = "5",
    pages = "398 - 410",
    year = "1983",
    note = "",
    issn = "0370-2693",
    doi = "10.1016/0370-2693(83)90188-0",
    url = "http://www.sciencedirect.com/science/article/pii/0370269383901880",
    author = "The UA1 experiement (G. Arnison et. al)"
}

@article{lepSLD:zPhys,
    title = {{Precision electroweak measurements on the Z resonance}},
    author = "The ALEPH Collaboration, The DELPHI Collaboration, The L3
        Collaboration, The OPAL Collaboration,
        The SLD Collaboration,
        The LEP Electroweak Working Group, The SLD Electroweak and Heavy Flavour
        Groups"
    journal = {Physics Reports},
    year = {2006},
    volume = {427},
    number = {5-6},
    pages = {257--454},
    month = may
}
@article{d0:weakMixingAngle,
      author         = "Abazov, V.M. and others",
      title          = "{Measurement of the forward-backward charge asymmetry and
                        extraction of $sin^2 \theta_W^{eff}$ in $p \overline p \rightarrow$
                        Z/gamma* + X $\rightarrow$ e+ e- + X events produced at $\sqrt{s}$
                        = 1.96 TeV}",
      collaboration  = "D0 Collaboration",
      journal        = "Phys.Rev.Lett.",
      volume         = "101",
      pages          = "191801",
      doi            = "10.1103/PhysRevLett.101.191801",
      year           = "2008",
      eprint         = "0804.3220",
      archivePrefix  = "arXiv",
      primaryClass   = "hep-ex",
      reportNumber   = "FERMILAB-PUB-08-090-E",
      SLACcitation   = "%%CITATION = ARXIV:0804.3220;%%",
}
@article{cdf:weakMixingAngle,
  title = {Measurement of the forward-backward charge asymmetry of electron-positron pairs in $\overline{p}p$ collisions at $\sqrt{s}=1.96\text{\,}\text{\,}\mathrm{T}\mathrm{e}\mathrm{V}$},
  author = {The CDF Collaboration},
  collaboration = {CDF Collaboration},
  journal = {Phys. Rev. D},
  volume = {71},
  issue = {5},
  pages = {052002},
  numpages = {30},
  year = {2005},
  month = {Mar},
  doi = {10.1103/PhysRevD.71.052002},
  url = {http://link.aps.org/doi/10.1103/PhysRevD.71.052002},
  publisher = {American Physical Society}
}
@article{ALEPH:zz,
      author         = "Barate, R. and others",
      title          = "{Measurement of the e+ e- $\rightarrow$ ZZ production
                        cross-section at center-of-mass energies of 183-GeV and
                        189-GeV}",
      collaboration  = "ALEPH Collaboration",
      journal        = "Phys.Lett.",
      volume         = "B469",
      pages          = "287-302",
      doi            = "10.1016/S0370-2693(99)01288-5",
      year           = "1999",
      eprint         = "hep-ex/9911003",
      archivePrefix  = "arXiv",
      primaryClass   = "hep-ex",
      reportNumber   = "CERN-EP-99-141",
      SLACcitation   = "%%CITATION = HEP-EX/9911003;%%",
}
@article{DELPHI:zz,
      author         = "Abdallah, J. and others",
      title          = "{ZZ production in e+ e- interactions at $sqrt{s}$ =
                        183-GeV to 209-GeV}",
      collaboration  = "DELPHI Collaboration",
      journal        = "Eur.Phys.J.",
      volume         = "C30",
      pages          = "447-466",
      doi            = "10.1140/epjc/s2003-01287-0",
      year           = "2003",
      eprint         = "hep-ex/0307050",
      archivePrefix  = "arXiv",
      primaryClass   = "hep-ex",
      reportNumber   = "CERN-EP-2003-009",
      SLACcitation   = "%%CITATION = HEP-EX/0307050;%%",
}
@article{L3:zz,
      author         = "Achard, P. and others",
      title          = "{$Z$ boson pair production at LEP}",
      collaboration  = "L3 Collaboration",
      journal        = "Phys.Lett.",
      volume         = "B572",
      pages          = "133-144",
      doi            = "10.1016/j.physletb.2003.08.023",
      year           = "2003",
      eprint         = "hep-ex/0308013",
      archivePrefix  = "arXiv",
      primaryClass   = "hep-ex",
      reportNumber   = "CERN-EP-2003-034",
      SLACcitation   = "%%CITATION = HEP-EX/0308013;%%",
}
@article{OPAL:zz,
      author         = "Abbiendi, G. and others",
      title          = "{Z boson pair production in e+ e- collisions at $sqrt{s}$
                        = 183-GeV and 189-GeV}",
      collaboration  = "OPAL Collaboration",
      journal        = "Phys.Lett.",
      volume         = "B476",
      pages          = "256-272",
      doi            = "10.1016/S0370-2693(00)00197-0",
      year           = "2000",
      eprint         = "hep-ex/0003016",
      archivePrefix  = "arXiv",
      primaryClass   = "hep-ex",
      reportNumber   = "CERN-EP-2000-017",
      SLACcitation   = "%%CITATION = HEP-EX/0003016;%%",
}
@article{D0:zz,
      author         = "Abazov, Victor Mukhamedovich and others",
      title          = "{Measurement of the $ZZ$ production cross section in
                        $p\bar{p}$ collisions at $\sqrt{s}=1.96$ TeV}",
      collaboration  = "D0 Collaboration",
      journal        = "Phys.Rev.",
      volume         = "D84",
      pages          = "011103",
      doi            = "10.1103/PhysRevD.84.011103",
      year           = "2011",
      eprint         = "1104.3078",
      archivePrefix  = "arXiv",
      primaryClass   = "hep-ex",
      reportNumber   = "FERMILAB-PUB-11-158-E",
      SLACcitation   = "%%CITATION = ARXIV:1104.3078;%%",
}
@article{CDF:zz,
  title = {Measurement of $ZZ$ Production in Leptonic Final States at $\sqrt{s}$ of 1.96~TeV at CDF},
  author = {Aaltonen, T. et al.},
  collaboration = {CDF Collaboration},
  journal = {Phys. Rev. Lett.},
  volume = {108},
  issue = {10},
  pages = {101801},
  numpages = {8},
  year = {2012},
  month = {Mar},
  doi = {10.1103/PhysRevLett.108.101801},
  url = {http://link.aps.org/doi/10.1103/PhysRevLett.108.101801},
  publisher = {American Physical Society}
}
@article{ALEPH,
     author    = "Schael, S. and others",
     collaboration = "ALEPH",
     journal   = "JHEP",
     volume    = "0904",
     year      = "2009",
     pages     = "124",
     doi          = "10.1088/1126-6708/2009/04/124"
}
@article{DELPHI,
     author    = "Abdallah, J. and others",
     collaboration = "DELPHI",
     journal   = "Eur. Phys. J. C",
     volume    = "51",
     year      = "2007",
     pages     = "525",
     doi          = "10.1140/epjc/10052-007-0345-0"
}
@article{LEPWG,
     author    = "Abbaneo, D. and others",
     title     = "A combination of preliminary electroweak measurements and
     constraints on the standard model",
     collaboration = "LEP EWK Working Group",
     year      = "2006",
     archivePrefix = "arXiv",
     eprint          = "06.12034 [hep-ex]"
}
@article{OPAL,
     author    = "Abbiendi, G. and others",
     collaboration = "OPAL",
     journal   = "Eur. Phys. J. C",
     volume    = "32",
     year      = "2003",
     pages     = "303",
     doi          = "10.1140/epjc/s2003-01467-x"
}
@article{L3,
     author    = "Acciarri, M. and others",
     collaboration = "L3",
     journal   = "Phys. Lett. B",
     volume    = "436",
     year      = "1999",
     pages     = "187",
}
@article{D0,
     author    = "Abazov, V. and others",
     collaboration = "D0",
     journal   = "Phys. Rev. Lett.",
     volume    = "100",
     year      = "2008",
     pages     = "131801",
}

@article{CDF,
     author    = "Robson, A. for the CDF and D0 collaborations",
     title     = "Diboson Physic at Tevatron",
     year      = "2012",
     archivePrefix = "arXiv",
     eprint          = "1201.4771v1 [hep-ex]"
}
@article{ATLAS,
     title = "Measurement of the ZZ production cross section and limits on
     anomalous neutral triple gauge couplings in proton-proton collisions at
     $\sqrt{s} = 7$~TeV with the ATLAS detector",
     collaboration = "ATLAS",
     journal   = "Phys. Rev. Lett.",
     volume    = "108",
     year      = "2012",
     pages     = "041804",
     archivePrefix = "arXiv",
     eprint          = "1110.5016 [hep-ex]"
}
@article{CMS,
    author = {{The CMS Collaboration}
                   },
    title = {{Measurement of the ZZ production cross section and search for
        anomalous couplings in 2$\ell$2$\ell$' final states in pp collisions at 
        $\sqrt{s}=7$~TeV}},
    journal = {Journal of High Energy Physics},
    year = {2013},
    volume = {2013},
    number = {1},
    pages = {63},
    month = jan
}
@article{ATLAS2,
    author = {The ATLAS Collaboration},
    title = {{Measurement of ZZ production in pp collisions at $\sqrt{s}=7$~TeV
        and limits on anomalous ZZZ and ZZγ couplings with the ATLAS
        detector}},
    journal = {Journal of High Energy Physics},
    year = {2013},
    volume = {2013},
    number = {3},
    pages = {128},
    month = mar
}

@article{Hasert:1973uq,
    author = {Hasert, F J and Faissner, H and Krenz, W and Von Krogh, J and
        LANSKE, D and MORFIN, J and SCHULTZE, K and WEERTS, H and
            Bertrand-Coremans, G H and Lemonne, J},
    title = {{Search for elastic muon-neutrino electron scattering}},
    journal = {Physics Letters B},
    year = {1973},
    volume = {46},
    number = {1},
    pages = {121--124}
}

@techreport{Grunewald:1313716,
      author       = "Grunewald, M W",
      title        = "Precision Electroweak Measurements and Constraints on the
                      Standard Model",
      number       = "arXiv:1012.2367. CERN-PH-EP-2010-095. FERMILAB-TM-2480-PPD.
                      LEPEWWG-2010-01. TEVEWWG-2010-01.
                      ALEPH-2010-001-PHYSICS-2010-001. CDF-Note-10338.
                      DELPHI-DELPHI-2010-001-PHYS 952. L3-Note-2837. OPAL-PR-432.
                      SLAC-PUB-14301",
      month        = "Dec",
      year         = "2010",
      note         = "Comments: 18 pages, Prepared from Contributions to the 2010
                      Summer Conferences.",
}
@article{fnal:higgs,
      author         = "Group, CDF and D0 Collaborations and the Tevatron New
                        Physics and Higgs Working",
      title          = "{Updated Combination of CDF and D0 Searches for Standard
                        Model Higgs Boson Production with up to 10.0 fb$^{-1}$ of
                        Data}",
      collaboration  = "Tevatron New Physics Higgs Working Group, CDF
                        Collaboration, D0 Collaboration",
      year           = "2012",
      eprint         = "1207.0449",
      archivePrefix  = "arXiv",
      primaryClass   = "hep-ex",
      reportNumber   = "FERMILAB-CONF-12-318-E, CDF-NOTE-10884, D0-NOTE-6348",
      SLACcitation   = "%%CITATION = ARXIV:1207.0449;%%",
}
@article{LEP:higgsLim,
      author         = "Barate, R. and others",
      title          = "{Search for the standard model Higgs boson at LEP}",
      collaboration  = "LEP Working Group for Higgs boson searches, ALEPH
                        Collaboration, DELPHI Collaboration, L3 Collaboration,
                        OPAL Collaboration",
      journal        = "Phys.Lett.",
      volume         = "B565",
      pages          = "61-75",
      doi            = "10.1016/S0370-2693(03)00614-2",
      year           = "2003",
      eprint         = "hep-ex/0306033",
      archivePrefix  = "arXiv",
      primaryClass   = "hep-ex",
      reportNumber   = "CERN-EP-2003-011",
      SLACcitation   = "%%CITATION = HEP-EX/0306033;%%",
}

@article{ATLAS:higgsObs,
    author = {The ATLAS Collaboration},
    title = {{Observation of a new particle in the search for the Standard Model
        Higgs boson with the ATLAS detector at the LHC}},
    journal = {Physics Letters B},
    year = {2012},
    volume = {716},
    number = {1},
    pages = {1--29},
    month = sep
}

@article{CMS:higgsObs,
    author = {The CMS Collaboration},
        title = {{Observation of a new boson at a mass of 125 GeV with the CMS
            experiment at the LHC}},
        journal = {Physics Letters B},
        year = {2012},
        volume = {716},
        number = {1},
        pages = {30--61},
        month = sep
}

@article{MCMethod,
     jstor_articletype = {research-article},
     title = {The Monte Carlo Method},
     author = {Metropolis, Nicholas and Ulam, S.},
     journal = {Journal of the American Statistical Association},
     jstor_issuetitle = {},
     volume = {44},
     number = {247},
     jstor_formatteddate = {Sep., 1949},
     pages = {pp. 335-341},
     url = {http://www.jstor.org/stable/2280232},
     ISSN = {01621459},
     abstract = {We shall present here the motivation and a general description of a method dealing with a class of problems in mathematical physics. The method is, essentially, a statistical approach to the study of differential equations, or more generally, of integro-differential equations that occur in various branches of the natural sciences.},
     language = {English},
     year = {1949},
     publisher = {American Statistical Association},
     copyright = {Copyright © 1949 American Statistical Association},
    }

@article{MSTW08,
      author         = "Martin, A.D. and Stirling, W.J. and Thorne, R.S. and
                        Watt, G.",
      title          = "{Parton distributions for the LHC}",
      journal        = "Eur.Phys.J.",
      volume         = "C63",
      pages          = "189-285",
      doi            = "10.1140/epjc/s10052-009-1072-5",
      year           = "2009",
      eprint         = "0901.0002",
      archivePrefix  = "arXiv",
      primaryClass   = "hep-ph",
      reportNumber   = "IPPP-08-95, DCPT-08-190, CAVENDISH-HEP-08-16",
      SLACcitation   = "%%CITATION = ARXIV:0901.0002;%%",
}
@article{ct10,
      author         = "Gao, Jun and Guzzi, Marco and Huston, Joey and Lai,
                        Hung-Liang and Li, Zhao and others",
      title          = "{The CT10 NNLO Global Analysis of QCD}",
      year           = "2013",
      eprint         = "1302.6246",
      archivePrefix  = "arXiv",
      primaryClass   = "hep-ph",
      reportNumber   = "SMU-HEP-12-23",
      SLACcitation   = "%%CITATION = ARXIV:1302.6246;%%",
}
@article{nnPDF,
      author         = "Ball, Richard D. and Bertone, Valerio and Cerutti,
                        Francesco and Del Debbio, Luigi and Forte, Stefano and
                        others",
      title          = "{Impact of Heavy Quark Masses on Parton Distributions and
                        LHC Phenomenology}",
      journal        = "Nucl.Phys.",
      volume         = "B849",
      pages          = "296-363",
      doi            = "10.1016/j.nuclphysb.2011.03.021",
      year           = "2011",
      eprint         = "1101.1300",
      archivePrefix  = "arXiv",
      primaryClass   = "hep-ph",
      reportNumber   = "EDINBURGH-2011-01, IFUM-969-FT, FR-PHENO-2010-043,
                        RWTH-TTK-11-02",
      SLACcitation   = "%%CITATION = ARXIV:1101.1300;%%",
}
@article{lundStringModel,
      author         = "Andersson, Bo and Gustafson, G. and Ingelman, G. and
                        Sjostrand, T.",
      title          = "{Parton Fragmentation and String Dynamics}",
      journal        = "Phys.Rept.",
      volume         = "97",
      pages          = "31-145",
      doi            = "10.1016/0370-1573(83)90080-7",
      year           = "1983",
      reportNumber   = "LU-TP-83-10",
      SLACcitation   = "%%CITATION = PRPLC,97,31;%%",
}
@article{pdfComp,
      author         = "Ball, Richard D. and Carrazza, Stefano and Del Debbio,
                        Luigi and Forte, Stefano and Gao, Jun and others",
      title          = "{Parton Distribution Benchmarking with LHC Data}",
      journal        = "JHEP",
      volume         = "1304",
      pages          = "125",
      doi            = "10.1007/JHEP04(2013)125",
      year           = "2013",
      eprint         = "1211.5142",
      archivePrefix  = "arXiv",
      primaryClass   = "hep-ph",
      SLACcitation   = "%%CITATION = ARXIV:1211.5142;%%",
}
@article{GEANT4,
      author         = "Agostinelli, S. and others",
      title          = "{GEANT4: A Simulation toolkit}",
      collaboration  = "GEANT4",
      journal        = "Nucl.Instrum.Meth.",
      volume         = "A506",
      pages          = "250-303",
      doi            = "10.1016/S0168-9002(03)01368-8",
      year           = "2003",
      reportNumber   = "SLAC-PUB-9350, FERMILAB-PUB-03-339",
      SLACcitation   = "%%CITATION = NUIMA,A506,250;%%",
}
@article{gg2zz,
      author         = "Binoth, T. and Kauer, N. and Mertsch, P.",
      title          = "{Gluon-induced QCD corrections to $pp \rightarrow
          ZZ\rightarrow \ell \overline{\ell} \ell' \overline{\ell'}$ }",
      pages          = "142",
      doi            = "10.3360/dis.2008.142",
      year           = "2008",
      eprint         = "0807.0024",
      archivePrefix  = "arXiv",
      primaryClass   = "hep-ph",
      SLACcitation   = "%%CITATION = ARXIV:0807.0024;%%",
}
@article{PYTHIA,
      author         = "Sjostrand, Torbjorn and Mrenna, Stephen and Skands, Peter
                        Z.",
      title          = "{PYTHIA 6.4 Physics and Manual}",
      journal        = "JHEP",
      volume         = "0605",
      pages          = "026",
      doi            = "10.1088/1126-6708/2006/05/026",
      year           = "2006",
      eprint         = "hep-ph/0603175",
      archivePrefix  = "arXiv",
      primaryClass   = "hep-ph",
      reportNumber   = "FERMILAB-PUB-06-052-CD-T, LU-TP-06-13",
      SLACcitation   = "%%CITATION = HEP-PH/0603175;%%",
}
@article{POWHEG,
      author         = "Melia, Tom and Nason, Paolo and Rontsch, Raoul and
                        Zanderighi, Giulia",
      title          = "{W+W-, WZ and ZZ production in the POWHEG BOX}",
      journal        = "JHEP",
      volume         = "1111",
      pages          = "078",
      doi            = "10.1007/JHEP11(2011)078",
      year           = "2011",
      eprint         = "1107.5051",
      archivePrefix  = "arXiv",
      primaryClass   = "hep-ph",
      SLACcitation   = "%%CITATION = ARXIV:1107.5051;%%",
}
@article{SHERPA,
      author         = "Gleisberg, T. and Hoeche, Stefan. and Krauss, F. and
                        Schonherr, M. and Schumann, S. and others",
      title          = "{Event generation with SHERPA 1.1}",
      journal        = "JHEP",
      volume         = "0902",
      pages          = "007",
      doi            = "10.1088/1126-6708/2009/02/007",
      year           = "2009",
      eprint         = "0811.4622",
      archivePrefix  = "arXiv",
      primaryClass   = "hep-ph",
      reportNumber   = "FERMILAB-PUB-08-477-T, SLAC-PUB-13420, ZU-TH-17-08,
                        DCPT-08-138, IPPP-08-69, EDINBURGH-2008-30, MCNET-08-14",
      SLACcitation   = "%%CITATION = ARXIV:0811.4622;%%",
}
@article{MADGRAPH,
      author         = "Alwall, Johan and Herquet, Michel and Maltoni, Fabio and
                        Mattelaer, Olivier and Stelzer, Tim",
      title          = "{MadGraph 5 : Going Beyond}",
      journal        = "JHEP",
      volume         = "1106",
      pages          = "128",
      doi            = "10.1007/JHEP06(2011)128",
      year           = "2011",
      eprint         = "1106.0522",
      archivePrefix  = "arXiv",
      primaryClass   = "hep-ph",
      reportNumber   = "FERMILAB-PUB-11-448-T",
      SLACcitation   = "%%CITATION = ARXIV:1106.0522;%%",
}
@ARTICLE{Hadronization,
AUTHOR = {Webber, B. },
TITLE   = {Parton shower Monte Carlo event generators},
YEAR    = 2011,
JOURNAL = Scholarpedia,
VOLUME  = 6,
NUMBER  = 12,
PAGES   = 10662
}
@article{trackBuilding,
    title = "Track Reconstruction Performance in CMS",
    journal = "Nuclear Physics B - Proceedings Supplements ",
    volume = "197",
    number = "1",
    pages = "275 - 278",
    year = "2009",
    note = "<ce:title>11th Topical Seminar on Innovative Particle and Radiation
        Detectors (IPRD08)</ce:title> ",
    issn = "0920-5632",
    doi = "10.1016/j.nuclphysbps.2009.10.084",
    url = "http://www.sciencedirect.com/science/article/pii/S0920563209008056",
    author = "Paolo Azzurri"
}
@inproceedings{vertexFitting,
    title={Vertex reconstruction at the CMS experiment},
    author={Erdmann, Wolfram},
    booktitle={Journal of Physics: Conference Series},
    volume={110},
    number={9},
    pages={092009},
    year={2008},
    organization={IOP Publishing}
}
@article{cmsdetAnnealing,
    author         = "Chabanat, E. and Estre, N.",
    title          = "{Deterministic annealing for vertex finding at CMS}",
    pages          = "287-290",
    year           = "2005",
    SLACcitation   = "%%CITATION = INSPIRE-707291;%%",
}
@article{detAnnealing,
    title={Deterministic annealing for clustering, compression,
        classification, regression, and related optimization problems},
    author={Rose, Kenneth},
    journal={Proceedings of the IEEE},
    volume={86},
    number={11},
    pages={2210--2239},
    year={1998},
    publisher={IEEE}
}
@article{gsfElectrons,
    author         = "Adam, Wolfgang and Frühwirth, R. and Strandlie, Are and
        Todor, T.",
    title          = "{Reconstruction of Electrons with the Gaussian-Sum Filter in the CMS Tracker at the LHC}",
    year           = "2005",
    reportNumber   = "CMS-NOTE-2005-001, CERN-CMS-NOTE-2005-001",
    SLACcitation   = "%%CITATION = CMS-NOTE-2005-001 ETC.;%%",
}
@techreport{eleReco,
    title        = "Electron reconstruction and identification at sqrt(s)
        = 7 TeV",
    institution  = "CERN",
    address      = "Geneva",
    number       = "CMS-PAS-EGM-10-004",
    year         = "2010",
}
@techreport{pflow,
      title        = "Particle-Flow Event Reconstruction in CMS and Performance
                      for Jets, Taus, and MET",
      institution  = "CERN",
      address      = "2009. Geneva",
      number       = "CMS-PAS-PFT-09-001",
      month        = "Apr",
      year         = "2009",
}
@techreport{pflowMuons,
      title        = "Particle-flow commissioning with muons and electrons from
                      J/Psi and W events at 7 TeV",
      institution  = "CERN",
      address      = "2010. Geneva",
      number       = "CMS-PAS-PFT-10-003",
      year         = "2010",
}
@article{muonReco,
      title        = "Performance of CMS muon reconstruction in pp collision
                      events at $\sqrt{s}$ = 7 TeV",
      journal      = "J. Instrum.",
      number       = "arXiv:1206.4071. CMS-MUO-10-004. CERN-PH-EP-2012-173",
      volume       = "7",
      pages        = "P10002. 81 p",
      month        = "Jun",
      year         = "2012",
      note         = "Comments: Submitted to the Journal of Instrumentation",
}
@article{unfolding,
      author         = "D'Agostini, G.",
      title          = "{A Multidimensional unfolding method based on Bayes'
                        theorem}",
      journal        = "Nucl.Instrum.Meth.",
      volume         = "A362",
      pages          = "487-498",
      doi            = "10.1016/0168-9002(95)00274-X",
      year           = "1995",
      reportNumber   = "DESY-94-099",
      SLACcitation   = "%%CITATION = NUIMA,A362,487;%%",
}
@proceedings{RooUnfold,
    title        = "PHYSTAT 2011 Workshop on Statistical Issues Related to
        Discovery Claims in Search Experiments and Unfolding",
    author       = "Prosper, Harrison B and Lyons, Louis",
    organization = "CERN",
    publisher    = "CERN",
    address      = "Geneva",
    year         = "2011",
}
@article{CLs,
      author       = "Read, A L",
      title        = "Modified frequentist analysis of search results (the
                      $CL_{s}$ method)",
      number       = "CERN-OPEN-2000-205",
      year         = "2000",
}
@article{zzAN,
    author         = "CMS HZZ4L Working Group",
    title          = "Updated results on the new boson discovered in the search
        for the standard model Higgs boson in the H → ZZ → 4l channel in pp
            collisions at √s = 7 and 8 TeV",
    journal        = "CMS Analysis note",
    volume         = "AN-12-367",
}
@article{HggRegression,
    author         = "CMS Hgg Working Group",
    title          = "Updated measurements of the new Higgs-like boson at 125
        GeV in the two photon decay channel",
    journal        = "CMS Analysis note",
    volume         = "AN-12-374",
}
@article{higgsSigShape,
    author         = "P. Avery, M. Chen, A. Drozdetskiy, A. Korytov, G.
        Mitselmakher, M. Snowball",
    title          = "A complete
        model of the four-lepton invariant mass distributions for H
        $\rightarrow$ Z Z $\rightarrow$ 4l
        and Z Z $\rightarrow$ 4l events",
    journal        = "CMS Analysis note",
    volume         = "AN-11-202",
}
@article{rochester,
    author         = "Arie Bodek, Jiyeon Han",
    title          = "Improved Rochester Misalignment and Muon Scale Corrections
        Extracted for 2011A, 2011B CMS Data",
    journal        = "CMS Analysis note",
    volume         = "AN-12-298",
}
@article{lumi,
    author         = "A. Dabrowski, M. Grothe, P. Hebda, J.Hegeman, D. Marlow,
    N. Odell, D. Stickland, A. Zuranski",
    title          = "CMS Luminosity Based on Pixel Cluster Counting - Summer
        2012 Update",
    journal        = "CMS Analysis note",
    volume         = "AN-12-174",
}

@techreport{higgsStats,
      title        = "Procedure for the LHC Higgs boson search combination in
                      Summer 2011",
      institution  = "CERN",
      address      = "Geneva",
      number       = "CMS-NOTE-2011-005. ATL-PHYS-PUB-2011-11",
      month        = "Aug",
      year         = "2011",
}
@article{higgsLineshape,
    title = "The Higgs-boson lineshape ",
    journal = "Nuclear Physics B ",
    volume = "864",
    number = "3",
    pages = "530 - 579",
    year = "2012",
    note = "",
    issn = "0550-3213",
    doi = "http://dx.doi.org/10.1016/j.nuclphysb.2012.07.006",
    url = "http://www.sciencedirect.com/science/article/pii/S0550321312003896",
    author = "Stefano Goria and Giampiero Passarino and Dario Rosco",
    keywords = "Feynman diagrams",
    keywords = "Loop calculations",
    keywords = "Radiative corrections",
    keywords = "Higgs physics "
}
@article{higgsHighMassInterference,
      author         = "Passarino, Giampiero",
      title          = "{Higgs Interference Effects in $gg \rightarrow ZZ$ and
                        their Uncertainty}",
      journal        = "JHEP",
      volume         = "1208",
      pages          = "146",
      doi            = "10.1007/JHEP08(2012)146",
      year           = "2012",
      eprint         = "1206.3824",
      archivePrefix  = "arXiv",
      primaryClass   = "hep-ph",
      SLACcitation   = "%%CITATION = ARXIV:1206.3824;%%",
}
@article{lhcHiggsHandbook,
      author         = "Dittmaier, S. and others",
      title          = "{Handbook of LHC Higgs Cross Sections: 1. Inclusive
                        Observables}",
      collaboration  = "LHC Higgs Cross Section Working Group",
      year           = "2011",
      eprint         = "1101.0593",
      archivePrefix  = "arXiv",
      primaryClass   = "hep-ph",
      reportNumber   = "CERN-2011-002",
      SLACcitation   = "%%CITATION = ARXIV:1101.0593;%%",
}
@article{spin,
  title = {Spin determination of single-produced resonances at hadron colliders},
  author = {Gao, Yanyan and Gritsan, Andrei V. and Guo, Zijin and Melnikov, Kirill and Schulze, Markus and Tran, Nhan V.},
  journal = {Phys. Rev. D},
  volume = {81},
  issue = {7},
  pages = {075022},
  numpages = {27},
  year = {2010},
  month = {Apr},
  doi = {10.1103/PhysRevD.81.075022},
  url = {http://link.aps.org/doi/10.1103/PhysRevD.81.075022},
  publisher = {American Physical Society}
}
@article{PDF4LHC,
      author         = "Alekhin, Sergey and Alioli, Simone and Ball, Richard D.
                        and Bertone, Valerio and Blumlein, Johannes and others",
      title          = "{The PDF4LHC Working Group Interim Report}",
      year           = "2011",
      eprint         = "1101.0536",
      archivePrefix  = "arXiv",
      primaryClass   = "hep-ph",
      SLACcitation   = "%%CITATION = ARXIV:1101.0536;%%",
}

@article{snoNeutrinoMixing,
      author         = "Ahmad, Q.R. and others",
      title          = "{Direct evidence for neutrino flavor transformation from
                        neutral current interactions in the Sudbury Neutrino
                        Observatory}",
      collaboration  = "SNO Collaboration",
      journal        = "Phys.Rev.Lett.",
      volume         = "89",
      pages          = "011301",
      doi            = "10.1103/PhysRevLett.89.011301",
      year           = "2002",
      eprint         = "nucl-ex/0204008",
      archivePrefix  = "arXiv",
      primaryClass   = "nucl-ex",
      SLACcitation   = "%%CITATION = NUCL-EX/0204008;%%",
}
@article{superKNeutrinoMixing,
      author         = "Fukuda, Y. and others",
      title          = "{Measurements of the solar neutrino flux from
                        Super-Kamiokande's first 300 days}",
      collaboration  = "Super-Kamiokande Collaboration",
      journal        = "Phys.Rev.Lett.",
      volume         = "81",
      pages          = "1158-1162",
      doi            = "10.1103/PhysRevLett.81.1158",
      year           = "1998",
      eprint         = "hep-ex/9805021",
      archivePrefix  = "arXiv",
      primaryClass   = "hep-ex",
      reportNumber   = "ICRR-417-98-13, ICRR-REPORT-417-98-13, UCI-98-4,
                        CSUDH-HEP-98-02, KEK-PREPRINT-98-40, LSU-HEPA-2-98,
                        UMD-98-116, SBHEP-98-2, NGTHEP-98-02, OULNS-98-01,
                        TKU-PAP-98-02, TIT-HPE-98-05, UWSEA-PUB-98-02,
                        --LSU-HEPA-2-98, SBHEP98-2, NGTHEP.98-02, --TIT-HPE-98-05",
      SLACcitation   = "%%CITATION = HEP-EX/9805021;%%",
}
@article{dayaNeutrinoMixing,
      author         = "An, F.P. and others",
      title          = "{Observation of electron-antineutrino disappearance at
                        Daya Bay}",
      collaboration  = "DAYA-BAY Collaboration",
      journal        = "Phys.Rev.Lett.",
      volume         = "108",
      pages          = "171803",
      doi            = "10.1103/PhysRevLett.108.171803",
      year           = "2012",
      eprint         = "1203.1669",
      archivePrefix  = "arXiv",
      primaryClass   = "hep-ex",
      SLACcitation   = "%%CITATION = ARXIV:1203.1669;%%",
}
@article{CMS:higgsProperties,
      key            = "1230268",
      title          = "{Combination of standard model Higgs boson searches and
                        measurements of the properties of the new boson with a
                        mass near 125 GeV}",
      collaboration  = "CMS Collaboration",
      year           = "2012",
      reportNumber   = "CMS-PAS-HIG-12-045",
      SLACcitation   = "%%CITATION = CMS-PAS-HIG-12-045 ETC.;%%",
}
@article{ATLAS:higgsProperties,
      author         = "Aad, Georges and others",
      title          = "{Measurements of Higgs boson production and couplings in
                        diboson final states with the ATLAS detector at the LHC}",
      collaboration  = "ATLAS Collaboration",
      year           = "2013",
      eprint         = "1307.1427",
      archivePrefix  = "arXiv",
      primaryClass   = "hep-ex",
      reportNumber   = "CERN-PH-EP-2013-103",
      SLACcitation   = "%%CITATION = ARXIV:1307.1427;%%",
}
@book{yellowReport,
      author       = "Dittmaier, S and Mariotti, C and Passarino, G and Tanaka, R
                      and Baglio, J and Bolzoni, P and Boughezal, R and Brein, O
                      and Collins-Tooth, C and Dawson, S and Dean, S and Denner, A
                      and Farrington, S and Felcini, M and Flechl, M and de
                      Florian, D and Forte, S and Grazzini, M and Hackstein, C and
                      Hahn, T and Harlander, R and Hartonen, T and Heinemeyer, S
                      and Huston, J and Kalinowski, A and Krämer, M and Krauss, F
                      and Lee, J S and Lehti, S and Maltoni, F and Mazumdar, K and
                      Moch, S-O and Mück, A and Mühlleitner, M and Nason, P and
                      Neu, C and Oleari, C and Olsen, J and Palmer, S and
                      Petriello, F and Piacquadio, G and Pilaftsis, A and Potter,
                      C T and Puljak, I and Qian, J and Rebuzzi, D and Reina, L
                      and Rzehak, H and Schumacher, M and Slavich, P and Spira, M
                      and Stöckli, F and Thorne, R S and Vazquez Acosta, M and
                      Vickey, T and Vicini, A and Wackeroth, D and Warsinsky, M
                      and Weber, M and Weiglein, G and Weydert, C and Yu, J and
                      Zaro, M and Zirke, T",
      title        = "Handbook of LHC Higgs Cross Sections: 1. Inclusive
                      Observables",
      publisher    = "CERN",
      address      = "Geneva",
      year         = "2011",
      note         = "Comments: 153 pages, 43 figures, to be submitted to CERN
                      Report. Working Group web page:
                      https://twiki.cern.ch/twiki/bin/view/LHCPhysics/CrossSections",
}
@techreport{zzHiggsMoriond,
      title        = "Properties of the Higgs-like boson in the decay H to ZZ to
                      4l in pp collisions at sqrt s =7 and 8 TeV",
      institution  = "CERN",
      address      = "Geneva",
      number       = "CMS-PAS-HIG-13-002",
      year         = "2013",
}
@article{MCFM,
    title = "\{MCFM\} for the Tevatron and the \{LHC\} ",
    journal = "Nuclear Physics B - Proceedings Supplements ",
    volume = "205–206",
    number = "0",
    pages = "10 - 15",
    year = "2010",
    note = "<ce:title>Loops and Legs in Quantum Field Theory</ce:title> <ce:subtitle>Proceedings of the 10th \{DESY\} Workshop on Elementary Particle Theory</ce:subtitle> ",
    issn = "0920-5632",
    doi = "http://dx.doi.org/10.1016/j.nuclphysbps.2010.08.011",
    url = "http://www.sciencedirect.com/science/article/pii/S0920563210001945",
    author = "John M. Campbell and R.K. Ellis"
}
@article{fastjet,
      author         = "Cacciari, Matteo and Salam, Gavin P. and Soyez, Gregory",
      title          = "{FastJet User Manual}",
      journal        = "Eur.Phys.J.",
      volume         = "C72",
      pages          = "1896",
      doi            = "10.1140/epjc/s10052-012-1896-2",
      year           = "2012",
      eprint         = "1111.6097",
      archivePrefix  = "arXiv",
      primaryClass   = "hep-ph",
      reportNumber   = "CERN-PH-TH-2011-297",
      SLACcitation   = "%%CITATION = ARXIV:1111.6097;%%",
}
@article{elePerformance,
      title        = "Electron performance with 19.6 fb$^{-1}$ of data collected
                      at $\sqrt{s} = 8$ TeV with the CMS detector.",
      month        = "Mar",
      year         = "2013",
}
@MISC{BDTs,
        author = {J. R. Quinlan},
        title = {Simplifying Decision Trees},
        year = {1986}
}
@article{BDTs2,
      author         = "Roe, Byron P. and Yang, Hai-Jun and Zhu, Ji and Liu, Yong
                        and Stancu, Ion and others",
      title          = "{Boosted decision trees, an alternative to artificial
                        neural networks}",
      journal        = "Nucl.Instrum.Meth.",
      volume         = "A543",
      pages          = "577-584",
      doi            = "10.1016/j.nima.2004.12.018",
      year           = "2005",
      eprint         = "physics/0408124",
      archivePrefix  = "arXiv",
      primaryClass   = "physics",
      SLACcitation   = "%%CITATION = PHYSICS/0408124;%%",
}
@article{TMVA,
      author         = "Therhaag, Jan",
      title          = "{TMVA: Toolkit for multivariate data analysis}",
      collaboration  = "TMVA Core Developer Team",
      journal        = "AIP Conf.Proc.",
      volume         = "1504",
      pages          = "1013-1016",
      doi            = "10.1063/1.4771869",
      year           = "2009",
      SLACcitation   = "%%CITATION = APCPC,1504,1013;%%",
}

